<record xmlns="http://www.loc.gov/MARC21/slim" xmlns:xsi="http://www.w3.org/2001/XMLSchema-instance" xsi:schemaLocation="http://www.loc.gov/MARC21/slim http://www.loc.gov/standards/marcxml/schema/MARC21slim.xsd"><leader>01544cz   2200301n  4500</leader><controlfield tag="001">oca00867802 </controlfield><controlfield tag="003">OCoLC</controlfield><controlfield tag="005">20051018174956.0</controlfield><controlfield tag="008">830524n| acannaab           |a aaa      </controlfield><datafield ind1=" " ind2=" " tag="010"><subfield code="a">n  82207407 </subfield></datafield><datafield ind1=" " ind2=" " tag="040"><subfield code="a">DLC</subfield><subfield code="c">DLC</subfield><subfield code="d">DLC</subfield></datafield><datafield ind1=" " ind2="0" tag="053"><subfield code="a">PA8440.T33</subfield></datafield><datafield ind1="0" ind2="0" tag="100"><subfield code="a">Theodulf,</subfield><subfield code="c">Bishop of OrleÌ&#x81;ans,</subfield><subfield code="d">ca. 760-821</subfield></datafield><datafield ind1="0" ind2="0" tag="400"><subfield code="w">nnaa</subfield><subfield code="a">Theodulfus,</subfield><subfield code="c">Bp. of OrleÌ&#x81;ans,</subfield><subfield code="d">d. 821</subfield></datafield><datafield ind1="0" ind2="0" tag="400"><subfield code="a">Theodulf,</subfield><subfield code="c">of OrleÌ&#x81;ans,</subfield><subfield code="d">ca. 760-821</subfield></datafield><datafield ind1="0" ind2="0" tag="400"><subfield code="a">TheÌ&#x81;odulfe,</subfield><subfield code="c">Bishop of OrleÌ&#x81;ans,</subfield><subfield code="d">ca. 760-821</subfield></datafield><datafield ind1="0" ind2="0" tag="400"><subfield code="a">Teodulfo,</subfield><subfield code="c">de OrleÌ&#x81;ans,</subfield><subfield code="d">ca. 760-821</subfield></datafield><datafield ind1="1" ind2="0" tag="400"><subfield code="a">Orleans, Teodulfo de,</subfield><subfield code="d">ca. 760-821</subfield></datafield><datafield ind1="0" ind2="0" tag="400"><subfield code="a">Theodulf,</subfield><subfield code="c">von OrleÌ&#x81;ans,</subfield><subfield code="d">ca. 760-821</subfield></datafield><datafield ind1="0" ind2="0" tag="400"><subfield code="a">Theodulphe,</subfield><subfield code="c">Bishop of OrleÌ&#x81;ans,</subfield><subfield code="d">ca. 760-821</subfield></datafield><datafield ind1="0" ind2="0" tag="400"><subfield code="a">Theodulfus,</subfield><subfield code="c">Bishop of OrleÌ&#x81;ans,</subfield><subfield code="d">ca. 760-821</subfield></datafield><datafield ind1=" " ind2=" " tag="670"><subfield code="a">Chrodegang, Saint. The Old English version ... of the enlarged rule of Chrodegang ... 1916.</subfield></datafield><datafield ind1=" " ind2=" " tag="670"><subfield code="a">Sauer, H. Theoldulfi Capitula in England, 1978</subfield><subfield code="b">t.p. (Theodulfi) p. 2 (Theodulf von OrleÌ&#x81;ans; b. ca. 760, probably in Spain; named Bishop of Orleans by 798; d. 821 in Angers) p. 507 (Theodulf of OrleÌ&#x81;ans) [Info from MH]</subfield></datafield><datafield ind1=" " ind2=" " tag="670"><subfield code="a">Riquer, A. de. Teodulfo de Orleans y la epiÌ&#x81;stola poeÌ&#x81;tica en la literatura carolingia, 1994:</subfield><subfield code="b">t.p.</subfield></datafield><datafield ind1=" " ind2=" " tag="670"><subfield code="a">Encyc. Amer.</subfield><subfield code="b">(Theodulf of OrleÌ&#x81;ans, b. ca. 760, d. 821)</subfield></datafield><datafield ind1=" " ind2=" " tag="670"><subfield code="a">Encyc. Brit.</subfield><subfield code="b">(Theodulf of OrleÌ&#x81;ans, b. 750, d. 821)</subfield></datafield><datafield ind1=" " ind2=" " tag="670"><subfield code="a">Cath. encyc.</subfield><subfield code="b">(Theodulf of OrleÌ&#x81;ans)</subfield></datafield><datafield ind1=" " ind2=" " tag="670"><subfield code="a">Encic. univ. ilus.</subfield><subfield code="b">(Teodulfo de OrleÌ&#x81;ans, b. ca. 760 in Zaragoza; TheÌ&#x81;odulfe, eÌ&#x81;veÌ&#x82;que d'Orleans)</subfield></datafield></record>